<record><leader>00000cas a2200000 a 4500</leader><controlfield tag="001">124509190</controlfield><controlfield tag="008">070511d18971902wauwr ne      0   a0eng c</controlfield><datafield ind1=" " ind2=" " tag="010"><subfield code="a">  2007252185</subfield></datafield><datafield ind1=" " ind2=" " tag="040"><subfield code="a">WAU</subfield><subfield code="b">eng</subfield><subfield code="c">WAU</subfield><subfield code="d">WAU</subfield><subfield code="d">DLC</subfield><subfield code="d">OCLCO</subfield><subfield code="d">OCLCQ</subfield><subfield code="d">OCLCA</subfield><subfield code="d">OCLCF</subfield></datafield><datafield ind1="0" ind2=" " tag="022"><subfield code="a">2158-2556</subfield><subfield code="2">1</subfield></datafield><datafield ind1="1" ind2=" " tag="029"><subfield code="a">AU@</subfield><subfield code="b">000041614940</subfield></datafield><datafield ind1=" " ind2=" " tag="042"><subfield code="a">pcc</subfield><subfield code="a">nsdp</subfield></datafield><datafield ind1=" " ind2=" " tag="043"><subfield code="a">n-usp--</subfield><subfield code="a">n-cn-bc</subfield></datafield><datafield ind1="0" ind2="0" tag="050"><subfield code="a">Newspaper</subfield></datafield><datafield ind1="1" ind2="4" tag="050"><subfield code="a">S449</subfield><subfield code="b">.R36</subfield></datafield><datafield ind1="1" ind2="0" tag="082"><subfield code="a">338</subfield><subfield code="2">14</subfield></datafield><datafield ind1=" " ind2="0" tag="222"><subfield code="a">Ranche and range</subfield></datafield><datafield ind1="0" ind2="0" tag="245"><subfield code="a">Ranche and range.</subfield></datafield><datafield ind1="1" ind2=" " tag="246"><subfield code="i">Issues for Oct. 7, 1897- have title:</subfield><subfield code="a">Ranch and range</subfield></datafield><datafield ind1="1" ind2="7" tag="246"><subfield code="a">Ranch</subfield><subfield code="f">Nov. 22, 1902-</subfield></datafield><datafield ind1=" " ind2=" " tag="260"><subfield code="a">North Yakima, Wash. :</subfield><subfield code="b">[s.n.,</subfield><subfield code="c">1897-1902]</subfield></datafield><datafield ind1=" " ind2=" " tag="300"><subfield code="a">v. :</subfield><subfield code="b">ill. ;</subfield><subfield code="c">29-34 cm.</subfield></datafield><datafield ind1=" " ind2=" " tag="310"><subfield code="a">Weekly</subfield></datafield><datafield ind1="0" ind2=" " tag="362"><subfield code="a">Vol. 1, no. 1 (Apr. 8, 1897)-Aug. 21, 1902.</subfield></datafield><datafield ind1=" " ind2=" " tag="500"><subfield code="a">"In the interest of the Farmers, Horticulturalists and Stockmen of Washington, Oregon, Idaho, Montana, Utah and British Columbia."--Publisher's statement.</subfield></datafield><datafield ind1=" " ind2=" " tag="500"><subfield code="a">Editor: Miller Freeman.</subfield></datafield><datafield ind1=" " ind2=" " tag="500"><subfield code="a">Published in: Seattle, Wash., Aug. 26, 1897-Nov. 11, 1897; in: Seattle, Wash. and Spokane, Wash., Nov. 18, 1897-; published variously by: Ranch and Range Co., Freeman and Freeman, or Miller Freeman, Dec. 11, 1897-July 11, 1901; by: The Ranch Co., July 18, 1901-</subfield></datafield><datafield ind1=" " ind2=" " tag="515"><subfield code="a">Issues for June 10, 1897- called new ser. v. 1, no. 10- and also old ser. v. 3, no. 43-, in continuation of the numbering of: The ranch.; many numbering peculiarities Nov. 11-Dec. 18, 1897; old ser. numbering dropped and new ser. designation dropped with issue for Dec. 18, 1897; issue for Mar. 16, 1899 also called v. 4, no. 52; issues for Mar. 23, 1899-Nov. 15, 1900 also called v. 15, no. 16-v. 16, no. 50; issues for Nov. 22, 1900-Aug. 21, 1902 lack numbering.</subfield></datafield><datafield ind1=" " ind2=" " tag="530"><subfield code="a">Archived issues are available in digital format as part of the Library of Congress Chronicling America online collection.</subfield></datafield><datafield ind1=" " ind2=" " tag="550"><subfield code="a">Official organ of the Northwest Fruit Growers Association for Washington, Oregon, Idaho and British Columbia, May 20, 1897-Jan. 15, 1898; official organ of the Washington State Dairymen's Association and the Washington State Livestock Breeders' Association, Mar. 9, 1899-</subfield></datafield><datafield ind1=" " ind2="0" tag="650"><subfield code="a">Agriculture</subfield><subfield code="z">Northwest, Pacific</subfield><subfield code="v">Newspapers.</subfield></datafield><datafield ind1=" " ind2="0" tag="650"><subfield code="a">Livestock</subfield><subfield code="z">Northwest, Pacific</subfield><subfield code="v">Newspapers.</subfield></datafield><datafield ind1=" " ind2="0" tag="651"><subfield code="a">Washington (State)</subfield><subfield code="v">Newspapers.</subfield></datafield><datafield ind1=" " ind2="7" tag="655"><subfield code="a">Newspapers.</subfield><subfield code="2">fast</subfield><subfield code="0">(OCoLC)fst01423814</subfield></datafield><datafield ind1=" " ind2="7" tag="650"><subfield code="a">Agriculture.</subfield><subfield code="2">fast</subfield><subfield code="0">(OCoLC)fst00801355</subfield></datafield><datafield ind1=" " ind2="7" tag="650"><subfield code="a">Livestock.</subfield><subfield code="2">fast</subfield><subfield code="0">(OCoLC)fst01000722</subfield></datafield><datafield ind1=" " ind2="7" tag="651"><subfield code="a">Pacific Northwest.</subfield><subfield code="2">fast</subfield><subfield code="0">(OCoLC)fst01242543</subfield></datafield><datafield ind1=" " ind2="7" tag="651"><subfield code="a">Washington (State)</subfield><subfield code="2">fast</subfield><subfield code="0">(OCoLC)fst01204703</subfield></datafield><datafield ind1="1" ind2=" " tag="700"><subfield code="a">Freeman, Miller,</subfield><subfield code="d">1875-1955.</subfield></datafield><datafield ind1="2" ind2=" " tag="710"><subfield code="a">Northwest Fruit Growers Association.</subfield></datafield><datafield ind1="2" ind2=" " tag="710"><subfield code="a">Washington State Dairymen's Association.</subfield></datafield><datafield ind1="2" ind2=" " tag="710"><subfield code="a">Washington State Livestock Breeders' Association.</subfield></datafield><datafield ind1=" " ind2=" " tag="752"><subfield code="a">United States</subfield><subfield code="b">Washington</subfield><subfield code="c">Yakima</subfield><subfield code="d">Yakima.</subfield></datafield><datafield ind1=" " ind2=" " tag="752"><subfield code="a">United States</subfield><subfield code="b">Washington</subfield><subfield code="c">King</subfield><subfield code="d">Seattle.</subfield></datafield><datafield ind1=" " ind2=" " tag="752"><subfield code="a">United States</subfield><subfield code="b">Washington</subfield><subfield code="c">Spokane</subfield><subfield code="d">Spokane.</subfield></datafield><datafield ind1="1" ind2=" " tag="776"><subfield code="c">Microfilm</subfield><subfield code="d">OCLC Preservation Service Center on behalf of University of Washington Libraries</subfield><subfield code="w">(DLC)  2008252687</subfield><subfield code="w">(OCoLC)226868705</subfield></datafield><datafield ind1="1" ind2=" " tag="776"><subfield code="t">Ranche and range (Online)</subfield><subfield code="x">2169-5164</subfield><subfield code="w">(DLC)  2012203852</subfield><subfield code="w">(OCoLC)701546380</subfield></datafield><datafield ind1="0" ind2="0" tag="780"><subfield code="t">Ranch (North Yakima, Wash.)</subfield><subfield code="x">2158-2548</subfield><subfield code="w">(DLC)  2007252175</subfield><subfield code="w">(OCoLC)124508912</subfield></datafield><datafield ind1="0" ind2="5" tag="780"><subfield code="t">Washington state monthly</subfield><subfield code="g">Dec. 18, 1897</subfield></datafield><datafield ind1="0" ind2="5" tag="780"><subfield code="t">Washington farmer (Yakima, Wash.)</subfield><subfield code="g">Mar. 2, 1899</subfield><subfield code="w">(DLC)sn 95062809</subfield><subfield code="w">(OCLoLC)34111543</subfield></datafield><datafield ind1="0" ind2="5" tag="780"><subfield code="t">Pacific coast dairyman</subfield><subfield code="g">Mar. 2, 1899</subfield><subfield code="w">(OCoLC)33879557</subfield></datafield><datafield ind1="0" ind2="5" tag="780"><subfield code="t">Farmer and turfman</subfield><subfield code="g">Mar. 2, 1899</subfield></datafield><datafield ind1="0" ind2="5" tag="780"><subfield code="t">Farmer and dairyman</subfield><subfield code="g">Feb. 8, 1900</subfield></datafield><datafield ind1="0" ind2="0" tag="785"><subfield code="t">Ranch (Seattle, Wash.)</subfield><subfield code="x">2157-8060</subfield><subfield code="w">(DLC)sn 98047754</subfield><subfield code="w">(OCoLC)39287946</subfield></datafield><datafield ind1="4" ind2="1" tag="856"><subfield code="u">http://www.loc.gov/chroniclingamerica/lccn/2007252185/issues</subfield></datafield></record>